@article{ieee:IEEEStandardEthernet,
	doi = {10.1109/IEEESTD.2018.8457469},
	journal = {IEEE Std 802.3-2018 (Revision of IEEE Std 802.3-2015)},
	pages = {1--5600},
	publisher = {IEEE},
	title = {IEEE Standard for Ethernet},
	year = {2018}
}

@misc{arduino:ArduinoUNORev3,
	author = {Arduino},
	howpublished = {Available at \url{https://store.arduino.cc/arduino-uno-rev3} (04/02/2021)},
	title = {Arduino UNO Rev3}
}

@misc{ABT:EasyCAT,
	author = {AB\&T, Srl},
	howpublished = {Available at \url{https://www.bausano.net/en/hardware/ethercat-e-arduino/easycat.html} (04/02/2021)},
	title = {EasyCAT Shield for Arduino}
}

