@INPROCEEDINGS{5568340,  author={ {Lei Wang} and  {Junyan Qi} and  {Huijuan Jia} and  {Bin Fang}},  booktitle={2010 The 2nd Conference on Environmental Science and Information Application Technology},   title={The construction of soft servo networked motion control system based on EtherCAT},   year={2010},  volume={3},  number={},  pages={356-358},  doi={10.1109/ESIAT.2010.5568340}}

@INPROCEEDINGS{8484317,  author={G. {Zhang} and F. {Ni} and Z. {Li} and H. {Liu}},  booktitle={2018 IEEE International Conference on Mechatronics and Automation (ICMA)},   title={A Control System Design for 7-DoF Light-weight Robot based on EtherCAT Bus},   year={2018},  volume={},  number={},  pages={2169-2174},  doi={10.1109/ICMA.2018.8484317}}

@INPROCEEDINGS{8399643,  author={V. {Å etka} and D. {Tolar}},  booktitle={2018 19th International Carpathian Control Conference (ICCC)},   title={Motor controller designed for robotics based on microcontroller with integrated EtherCAT},   year={2018},  volume={},  number={},  pages={289-294},  doi={10.1109/CarpathianCC.2018.8399643}}

@INPROCEEDINGS{8216569,  author={V. Q. {Nguyen} and N. {Van Phan Tran} and H. N. {Tran} and K. M. {Le} and J. W. {Jeon}},  booktitle={IECON 2017 - 43rd Annual Conference of the IEEE Industrial Electronics Society},   title={A closed-loop stepper motor drive based on EtherCAT},   year={2017},  volume={},  number={},  pages={3361-3365},  doi={10.1109/IECON.2017.8216569}}

@inproceedings{inproceedings,
author = {Zhaoming, Liu and Liu, Nailong and Zhang, Tao and Cui, Long and Li, Hongyi},
year = {2015},
month = {08},
pages = {},
title = {EtherCAT Based Robot Modular Joint Controller},
doi = {10.1109/ICInfA.2015.7279562}
}

@inproceedings{inproceedings,
author = {Deremetz, Mathieu and Letier, Pierre and Grunwald, Gerhard and Roa, Maximo A. and Brunner, Bernhard and Lietaer, Benoit},
year = {2020},
month = {10},
pages = {},
title = {MOSAR-WM: A relocatable robotic arm for future on-orbit applications}
}

@inproceedings{inproceedings,
author = {Setka, Vlastimil and Tolar, David},
year = {2018},
month = {05},
pages = {289-294},
title = {Motor controller designed for robotics based on microcontroller with integrated EtherCAT},
doi = {10.1109/CarpathianCC.2018.8399643}
}

