%bibtex entries

@misc{foundation:RaspberryPi,
	author = {Foundation, Raspberry Pi},
	howpublished = {Available at \url{https://www.raspberrypi.org/} (04/02/2021)},
	title = {Raspberry Pi}
}

@misc{group:EtherCAT,
	author = {Group, EtherCAT Technology},
	howpublished = {Available at \url{https://www.ethercat.org/en/technology.html} (04/02/2021)},
	title = {EtherCAT - the Ethernet Fieldbus}
}
